@article{mairesse2007perso,
	title={Using linguistic cues for the automatic recognition of personality in conversation and text},
	author={Mairesse, Francois and Walker, Marilyn A and Mehl, Matthias R and Moore, Roger K},
	journal={Journal of Artificial Intelligence Research},
	volume={30},
	number={1},
	pages={457--500},
	year={2007}
}

@book{bird2009nltk,
	title={Natural language processing with Python},
	author={Bird, Steven and Klein, Ewan and Loper, Edward},
	year={2009},
	publisher={O'Reilly Media}
}
